<record><leader>00000cas a22000007a 4500</leader><controlfield tag="001">17489725</controlfield><controlfield tag="008">880217c19879999txuwr ne      0    0eng d</controlfield><datafield ind1=" " ind2=" " tag="010"><subfield code="a">sn 88083299 </subfield></datafield><datafield ind1=" " ind2=" " tag="040"><subfield code="a">PPM</subfield><subfield code="b">eng</subfield><subfield code="c">PPM</subfield><subfield code="d">OCLCQ</subfield></datafield><datafield ind1=" " ind2=" " tag="042"><subfield code="a">msc</subfield></datafield><datafield ind1="0" ind2="0" tag="245"><subfield code="a">Burnet bulletin Marble Falls messenger.</subfield></datafield><datafield ind1=" " ind2=" " tag="260"><subfield code="a">Burnet, Tex. :</subfield><subfield code="b">Mac McKinnon,</subfield><subfield code="c">1987-</subfield></datafield><datafield ind1=" " ind2=" " tag="310"><subfield code="a">Weekly</subfield></datafield><datafield ind1=" " ind2=" " tag="336"><subfield code="a">text</subfield><subfield code="b">txt</subfield><subfield code="2">rdacontent</subfield></datafield><datafield ind1=" " ind2=" " tag="337"><subfield code="a">unmediated</subfield><subfield code="b">n</subfield><subfield code="2">rdamedia</subfield></datafield><datafield ind1="0" ind2=" " tag="362"><subfield code="a">Vol. 114, no. 8 (Feb. 19, 1987)-</subfield></datafield><datafield ind1=" " ind2=" " tag="752"><subfield code="a">United States</subfield><subfield code="b">Texas</subfield><subfield code="c">Burnet</subfield><subfield code="d">Burnet.</subfield></datafield><datafield ind1="0" ind2="0" tag="780"><subfield code="t">Burnet County bulletin</subfield></datafield></record>